
@book{UBHD-67850616,
 author={Merkl, Rainer},
 title={Bioinformatik},
 subtitle={Grundlagen, Algorithmen, Anwendungen},
 edition={3., vollst. {\"u}berarb. und erw. Aufl.},
 address={Weinheim},
 publisher={Wiley-VCH},
 year={2015},
 pages={XVII, 608 S.},
 isbn={978-3-527-33820-7 ; 3-527-33820-9 ; 978-3-527-68586-8 ; 978-3-527-68588-2 ; 978-3-527-68587-5},
 language={ger},
 keywords={(s)Bioinformatik ; (s)Bioinformatik},
 library={UB [Signatur:LN-U 10-12084::(3)]},
}

@conference{UBHD-67739454,
 title={Algorithms in bioinformatics},
 subtitle={14th international workshop},
 editor={Brown, Dan  [Hrsg.] and Morgenstern, Burkhard  [Hrsg.]},
 organization={WABI <14., 2014, Breslau>},
 address={Berlin, Heidelberg},
 publisher={Springer},
 year={2014},
 pages={XIII, 367 S.},
 isbn={978-3-662-44752-9 ; 978-3-662-44753-6},
 series={Lecture Notes in Computer Science ; 8701},
 language={eng},
 keywords={(s)Bioinformatik / (s)Algorithmus / (f)Kongress / (g)Breslau <2014>},
 library={UB [Signatur:LN-U 10-17705]},
}

@book{UBHD-67647031,
 title={Clinical bioinformatics},
 editor={Trent, Ronald J.  [Hrsg.]},
 edition={2. ed.},
 address={New York ; Heidelberg [u.a.]},
 publisher={Humana Press},
 year={2014},
 pages={XI, 326 S.},
 isbn={978-1-4939-0846-2 ; 978-1-4939-0847-9},
 series={Methods in molecular biology ; 1168 ; Springer protocols},
 language={eng},
 keywords={(s)Klinische Medizin / (s)Bioinformatik / (f)Aufsatzsammlung},
 library={UB [Signatur:2014 H 977]},
}